<?xml version="1.0" encoding="UTF-8"?><collection xmlns="http://www.loc.gov/MARC21/slim"><record><leader>00397nam--2200157-i-4500</leader><controlfield tag="001">000035562</controlfield><controlfield tag="002">20161230</controlfield><controlfield tag="005">20161230201040</controlfield><controlfield tag="008">060222s1000------------r-----000-0-eng-d</controlfield><datafield ind1=" " ind2=" " tag="040"><subfield code="a">IFIN-HH</subfield></datafield><datafield ind1=" " ind2=" " tag="080"><subfield code="a">517.9</subfield></datafield><datafield ind1=" " ind2=" " tag="100"><subfield code="a">Muskhelshvili, N.I</subfield></datafield><datafield ind1=" " ind2=" " tag="245"><subfield code="a">Singular integral equations</subfield></datafield><datafield ind1=" " ind2=" " tag="260"><subfield code="a">GRONINGEN, NOORDHOFF, N.V., 1953, 447 p</subfield></datafield><datafield ind1=" " ind2=" " tag="852"><subfield code="a">77667</subfield><subfield code="c">518.2</subfield></datafield><datafield ind1=" " ind2=" " tag="CAT"><subfield code="a">Sys</subfield><subfield code="c">20090728</subfield><subfield code="h">073323</subfield></datafield></record></collection>